<record xmlns:xsi="http://www.w3.org/2001/XMLSchema-instance" xmlns="http://www.loc.gov/MARC21/slim" xsi:schemaLocation="http://www.loc.gov/MARC21/slim http://www.loc.gov/standards/marcxml/schema/MARC21slim.xsd">

  <leader>01778nab a2200169   4500</leader>
  <controlfield tag="005">20160331134657.0</controlfield>
  <controlfield tag="008">151120b2005    cr f|||| |||| 00| 0 spa d</controlfield>
  <datafield ind2=" " tag="090" ind1=" ">
    <subfield code="a">REVIS 06.02.01</subfield>
  </datafield>
  <datafield ind2=" " tag="100" ind1="1">
    <subfield code="9">253</subfield>
    <subfield code="a">Salas Madriz, Flora Eugenia</subfield>
  </datafield>
  <datafield ind2="0" tag="245" ind1="1">
    <subfield code="a">Hallazgos de la investigación sobre la inserción de las tecnologías de la información y la comunicación(TIC) en la enseñanza: la experiencia de los últimos diez años en los Estados Unidos /</subfield>
    <subfield code="c">Flora Eugenia Salas Madriz</subfield>
  </datafield>
  <datafield ind2=" " ind1=" " tag="260">
    <subfield code="a">San José, Costa Rica :</subfield>
    <subfield code="b">Editorial Universidad de Costa Rica,</subfield>
    <subfield code="c">2005</subfield>
  </datafield>
  <datafield ind1=" " tag="300" ind2=" ">
    <subfield code="a">´páginas 53 - 66</subfield>
  </datafield>
  <datafield ind2=" " ind1=" " tag="520">
    <subfield code="a">Debido a que Estaod Unidos es el país con mayor trayectoria, inversión estatal y privada e información en el campo de las tecnologíasde la información y la comunicación (TIC) aplicadas a la educación, su experiencia y reportes de investigación lo convierten en el líder mundial en la producción de conocimiento científico sobre este tema. Por esta razón, en este artículo, a partir de una revisión bibliográfica, se hace síntesis y se reflexiona sobre algunos de los principales hallazgos de la investigación realizada al respecto en ese país en los últimos diez años, con el objetivo de pormenirizar los principales factores de éxito y fracaso que se ha identificado  se encuentran al uso de las TIC como herramientas para mejorar y cambiar la enseñanza y el aprendizaje, así como las tareas aún pendientes para aprovechar y explotar el potencial de estas tecnologías en la educación en general y en particular en el nivel universitario</subfield>
  </datafield>
  <datafield ind2="4" tag="650" ind1="1">
    <subfield code="9">1</subfield>
    <subfield code="a">EDUCACIÓN</subfield>
  </datafield>
  <datafield tag="773" ind1="0" ind2=" ">
    <subfield code="d">San José, Costa Rica : Editorial de la Universidad de Costa Rica, 1997-</subfield>
    <subfield code="o">R0304</subfield>
    <subfield code="t">EDUCACIÓN: Revista de la Universidad de Costa Rica</subfield>
    <subfield code="g">Vol.29, no.2 (2005)</subfield>
  </datafield>
  <datafield ind2=" " ind1=" " tag="942">
    <subfield code="2">z</subfield>
    <subfield code="c">10</subfield>
  </datafield>
  <datafield ind2=" " ind1=" " tag="999">
    <subfield code="c">2950</subfield>
    <subfield code="d">2950</subfield>
  </datafield>
</record>